<record><leader>00000cas a2200000 a 4500</leader><controlfield tag="001">18458639</controlfield><controlfield tag="008">880908d19461948wauwr ne      0    0eng d</controlfield><datafield ind1=" " ind2=" " tag="010"><subfield code="a">sn 88085980 </subfield></datafield><datafield ind1=" " ind2=" " tag="040"><subfield code="a">SLZ</subfield><subfield code="b">eng</subfield><subfield code="c">SLZ</subfield><subfield code="d">OCL</subfield><subfield code="d">OCLCQ</subfield><subfield code="d">OCLCF</subfield><subfield code="d">OCLCO</subfield></datafield><datafield ind1=" " ind2=" " tag="042"><subfield code="a">msc</subfield></datafield><datafield ind1=" " ind2=" " tag="043"><subfield code="a">n-us-wa</subfield></datafield><datafield ind1="0" ind2=" " tag="130"><subfield code="a">Coulee City news (Coulee City, Wash. : 1946)</subfield></datafield><datafield ind1="1" ind2="0" tag="245"><subfield code="a">Coulee City news.</subfield></datafield><datafield ind1=" " ind2=" " tag="260"><subfield code="a">Coulee City, Wash. :</subfield><subfield code="b">Joe and Virginia Pierce</subfield></datafield><datafield ind1=" " ind2=" " tag="300"><subfield code="a">v.</subfield></datafield><datafield ind1=" " ind2=" " tag="310"><subfield code="a">Weekly</subfield></datafield><datafield ind1="1" ind2=" " tag="362"><subfield code="a">Began in 1946.</subfield></datafield><datafield ind1="0" ind2=" " tag="362"><subfield code="a">-v. 2, no. 52 (Nov. 26, 1948).</subfield></datafield><datafield ind1=" " ind2=" " tag="588"><subfield code="a">Description based on: Vol. 1, no. 5 (Jan. 3, 1947).</subfield></datafield><datafield ind1=" " ind2="0" tag="651"><subfield code="a">Coulee City (Wash.)</subfield><subfield code="v">Newspapers.</subfield></datafield><datafield ind1=" " ind2="7" tag="655"><subfield code="a">Newspapers.</subfield><subfield code="2">fast</subfield><subfield code="0">(OCoLC)fst01423814</subfield></datafield><datafield ind1=" " ind2="7" tag="651"><subfield code="a">Washington (State)</subfield><subfield code="z">Coulee City.</subfield><subfield code="2">fast</subfield><subfield code="0">(OCoLC)fst01306233</subfield></datafield><datafield ind1=" " ind2=" " tag="752"><subfield code="a">United States</subfield><subfield code="b">Washington</subfield><subfield code="c">Grant</subfield><subfield code="d">Coulee City.</subfield></datafield><datafield ind1="0" ind2="7" tag="785"><subfield code="t">Hartline standard</subfield><subfield code="w">(DLC)sn 87093235</subfield></datafield><datafield ind1="0" ind2="7" tag="785"><subfield code="t">Coulee City news and the Hartline standard</subfield><subfield code="w">(DLC)sn 88085981</subfield></datafield></record>